101 09100001930428961272310181018A094101WELLS FARGO            Hitouch Busn Srvice LLC        
5220Hitouch Business000000000000000000003042896127CTXEMAGIAPMT 091523231025   1091000010000001
82200000000000000000000000000000            3042896127                         091000010000001
9000001000001000000000000000000000000000000                                                   
9999999999999999999999999999999999999999999999999999999999999999999999999999999999999999999999
9999999999999999999999999999999999999999999999999999999999999999999999999999999999999999999999
9999999999999999999999999999999999999999999999999999999999999999999999999999999999999999999999
9999999999999999999999999999999999999999999999999999999999999999999999999999999999999999999999
9999999999999999999999999999999999999999999999999999999999999999999999999999999999999999999999
9999999999999999999999999999999999999999999999999999999999999999999999999999999999999999999999