101 0910000192042896127231018745 A094101WELLS FARGO            Staples & CommercialLLC        
5220STAPLES CONTRACT000000000000000000002042896127CTXEMAGIAPMT 091523231025   1091000010000001
6241210002401234567890       0000007635AT83185        METHODIST HEALTHCARE-O001091000010000001
705EMAGIA*PMT*INV#0012345678*USD100.00*00001*FP*ABCDEFGHIJKLMNOPQRSTUVWXYZ12345678900010000001
6241210002401234567890       0000028350AT83185        METHODIST HEALTHCARE-O001091000010000002
705EMAGIA*PMT*INV#0012345678*USD100.00*00001*FP*ABCDEFGHIJKLMNOPQRSTUVWXYZ12345678900010000002
6241210002401234567890       0000011290AT83185        METHODIST HEALTHCARE-O001091000010000003
705EMAGIA*PMT*INV#0012345678*USD100.00*00001*FP*ABCDEFGHIJKLMNOPQRSTUVWXYZ12345678900010000003
6241210002401234567890       0000003357AT83185        METHODIST HEALTHCARE-O001091000010000004
705EMAGIA*PMT*INV#0012345678*USD100.00*00001*FP*ABCDEFGHIJKLMNOPQRSTUVWXYZ12345678900010000004
6241210002401234567890       0000001000AT83185        METHODIST HEALTHCARE-O001091000010000005
705EMAGIA*PMT*INV#0012345678*USD100.00*00001*FP*ABCDEFGHIJKLMNOPQRSTUVWXYZ12345678900010000005
6241210002401234567890       0000003209AT83185        METHODIST HEALTHCARE-O001091000010000006
705EMAGIA*PMT*INV#0012345678*USD100.00*00001*FP*ABCDEFGHIJKLMNOPQRSTUVWXYZ12345678900010000006
6241210002401234567890       0000001000AT83185        METHODIST HEALTHCARE-O001091000010000007
705EMAGIA*PMT*INV#0012345678*USD100.00*00001*FP*ABCDEFGHIJKLMNOPQRSTUVWXYZ12345678900010000007
6241210002401234567890       0000009179AT83185        METHODIST HEALTHCARE-O001091000010000008
705EMAGIA*PMT*INV#0012345678*USD100.00*00001*FP*ABCDEFGHIJKLMNOPQRSTUVWXYZ12345678900010000008
6241210002401234567890       0000002012AT83185        METHODIST HEALTHCARE-O001091000010000009
705EMAGIA*PMT*INV#0012345678*USD100.00*00001*FP*ABCDEFGHIJKLMNOPQRSTUVWXYZ12345678900010000009
6241210002401234567890       0000003357AT83185        METHODIST HEALTHCARE-O001091000010000010
705EMAGIA*PMT*INV#0012345678*USD100.00*00001*FP*ABCDEFGHIJKLMNOPQRSTUVWXYZ12345678900010000010
6241210002401234567890       0000006566AT39537        METHODIST PHYSICIANS C001091000010000011
705EMAGIA*PMT*INV#0012345678*USD100.00*00001*FP*ABCDEFGHIJKLMNOPQRSTUVWXYZ12345678900010000011
6241210002401234567890       0000002012AT39537        METHODIST PHYSICIANS C001091000010000012
705EMAGIA*PMT*INV#0012345678*USD100.00*00001*FP*ABCDEFGHIJKLMNOPQRSTUVWXYZ12345678900010000012
6241210002401234567890       0000001000AT39537        METHODIST PHYSICIANS C001091000010000013
705EMAGIA*PMT*INV#0012345678*USD100.00*00001*FP*ABCDEFGHIJKLMNOPQRSTUVWXYZ12345678900010000013
6241210002401234567890       0000002000AT39537        METHODIST PHYSICIANS C001091000010000014
705EMAGIA*PMT*INV#0012345678*USD100.00*00001*FP*ABCDEFGHIJKLMNOPQRSTUVWXYZ12345678900010000014
6241210002401234567890       0000006566AT39537        METHODIST PHYSICIANS C001091000010000015
705EMAGIA*PMT*INV#0012345678*USD100.00*00001*FP*ABCDEFGHIJKLMNOPQRSTUVWXYZ12345678900010000015
6241210002401234567890       0000002012AT39537        METHODIST PHYSICIANS C001091000010000016
705EMAGIA*PMT*INV#0012345678*USD100.00*00001*FP*ABCDEFGHIJKLMNOPQRSTUVWXYZ12345678900010000016
6241210002401234567890       0000001000AT39537        METHODIST PHYSICIANS C001091000010000017
705EMAGIA*PMT*INV#0012345678*USD100.00*00001*FP*ABCDEFGHIJKLMNOPQRSTUVWXYZ12345678900010000017
6241210002401234567890       0000002012AT39537        METHODIST PHYSICIANS C001091000010000018
705EMAGIA*PMT*INV#0012345678*USD100.00*00001*FP*ABCDEFGHIJKLMNOPQRSTUVWXYZ12345678900010000018
6241210002401234567890       0000001000AT39537        METHODIST PHYSICIANS C001091000010000019
705EMAGIA*PMT*INV#0012345678*USD100.00*00001*FP*ABCDEFGHIJKLMNOPQRSTUVWXYZ12345678900010000019
6241210002401234567890       0000001000AT39537        METHODIST PHYSICIANS C001091000010000020
705EMAGIA*PMT*INV#0012345678*USD100.00*00001*FP*ABCDEFGHIJKLMNOPQRSTUVWXYZ12345678900010000020
6241210002401234567890       0000001000AT39537        METHODIST PHYSICIANS C001091000010000021
705EMAGIA*PMT*INV#0012345678*USD100.00*00001*FP*ABCDEFGHIJKLMNOPQRSTUVWXYZ12345678900010000021
6241210002401234567890       0000006566AT39537        METHODIST PHYSICIANS C001091000010000022
705EMAGIA*PMT*INV#0012345678*USD100.00*00001*FP*ABCDEFGHIJKLMNOPQRSTUVWXYZ12345678900010000022
6241210002401234567890       0000002825AT39537        METHODIST PHYSICIANS C001091000010000023
705EMAGIA*PMT*INV#0012345678*USD100.00*00001*FP*ABCDEFGHIJKLMNOPQRSTUVWXYZ12345678900010000023
6241210002401234567890       0000002012AT39537        METHODIST PHYSICIANS C001091000010000024
705EMAGIA*PMT*INV#0012345678*USD100.00*00001*FP*ABCDEFGHIJKLMNOPQRSTUVWXYZ12345678900010000024
6241210002401234567890       0000001000AT39537        METHODIST PHYSICIANS C001091000010000025
705EMAGIA*PMT*INV#0012345678*USD100.00*00001*FP*ABCDEFGHIJKLMNOPQRSTUVWXYZ12345678900010000025
6241210002401234567890       0000002012AT39537        METHODIST PHYSICIANS C001091000010000026
705EMAGIA*PMT*INV#0012345678*USD100.00*00001*FP*ABCDEFGHIJKLMNOPQRSTUVWXYZ12345678900010000026
6241210002401234567890       0000001000AT39537        METHODIST PHYSICIANS C001091000010000027
705EMAGIA*PMT*INV#0012345678*USD100.00*00001*FP*ABCDEFGHIJKLMNOPQRSTUVWXYZ12345678900010000027
6241210002401234567890       0000002012AT39537        METHODIST PHYSICIANS C001091000010000028
705EMAGIA*PMT*INV#0012345678*USD100.00*00001*FP*ABCDEFGHIJKLMNOPQRSTUVWXYZ12345678900010000028
6241210002401234567890       0000001000AT39537        METHODIST PHYSICIANS C001091000010000029
705EMAGIA*PMT*INV#0012345678*USD100.00*00001*FP*ABCDEFGHIJKLMNOPQRSTUVWXYZ12345678900010000029
6241210002401234567890       0000002012AT39537        METHODIST PHYSICIANS C001091000010000030
705EMAGIA*PMT*INV#0012345678*USD100.00*00001*FP*ABCDEFGHIJKLMNOPQRSTUVWXYZ12345678900010000030
6241210002401234567890       0000001000AT39537        METHODIST PHYSICIANS C001091000010000031
705EMAGIA*PMT*INV#0012345678*USD100.00*00001*FP*ABCDEFGHIJKLMNOPQRSTUVWXYZ12345678900010000031
6241210002401234567890       0000002012AT39537        METHODIST PHYSICIANS C001091000010000032
705EMAGIA*PMT*INV#0012345678*USD100.00*00001*FP*ABCDEFGHIJKLMNOPQRSTUVWXYZ12345678900010000032
6241210002401234567890       0000001000AT39537        METHODIST PHYSICIANS C001091000010000033
705EMAGIA*PMT*INV#0012345678*USD100.00*00001*FP*ABCDEFGHIJKLMNOPQRSTUVWXYZ12345678900010000033
6241210002401234567890       0000001000AT39537        METHODIST PHYSICIANS C001091000010000034
705EMAGIA*PMT*INV#0012345678*USD100.00*00001*FP*ABCDEFGHIJKLMNOPQRSTUVWXYZ12345678900010000034
6241210002401234567890       0000002012AT39537        METHODIST PHYSICIANS C001091000010000035
705EMAGIA*PMT*INV#0012345678*USD100.00*00001*FP*ABCDEFGHIJKLMNOPQRSTUVWXYZ12345678900010000035
6241210002401234567890       0000006566AT39537        METHODIST PHYSICIANS C001091000010000036
705EMAGIA*PMT*INV#0012345678*USD100.00*00001*FP*ABCDEFGHIJKLMNOPQRSTUVWXYZ12345678900010000036
6241210003503344556677       0000002000AT39537        METHODIST PHYSICIANS C001091000010000037
705EMAGIA*PMT*INV#0012345678*USD100.00*00001*FP*ABCDEFGHIJKLMNOPQRSTUVWXYZ12345678900010000037
6241210003503344556677       0000003357AT39537        METHODIST PHYSICIANS C001091000010000038
705EMAGIA*PMT*INV#0012345678*USD100.00*00001*FP*ABCDEFGHIJKLMNOPQRSTUVWXYZ12345678900010000038
6241210003500987654321       0000002000AT39537        METHODIST PHYSICIANS C001091000010000039
705EMAGIA*PMT*INV#0012345678*USD100.00*00001*FP*ABCDEFGHIJKLMNOPQRSTUVWXYZ12345678900010000039
82200000780471900969000000137943            2042896127                         091000010000001
9000001000009000000780471900969000000137943                                                   
9999999999999999999999999999999999999999999999999999999999999999999999999999999999999999999999
9999999999999999999999999999999999999999999999999999999999999999999999999999999999999999999999
9999999999999999999999999999999999999999999999999999999999999999999999999999999999999999999999
9999999999999999999999999999999999999999999999999999999999999999999999999999999999999999999999
9999999999999999999999999999999999999999999999999999999999999999999999999999999999999999999999
9999999999999999999999999999999999999999999999999999999999999999999999999999999999999999999999
9999999999999999999999999999999999999999999999999999999999999999999999999999999999999999999999
9999999999999999999999999999999999999999999999999999999999999999999999999999999999999999999999
