101 09100001920428961272310201453A094101WELLS FARGO            Staples & CommercialLLC        
5225STAPLES CONTRACT000000000000000000002042896127CTXEMAGIAPMT 091523231025   1091000010000001
6241210002401234567890       0000070389AT83185        METHODIST HEALTHCARE-O001091000010000001
705EMAGIA*PMT*INV#6042490598*USD76.35*00001*FP*ABCDEFGHIJKLMNOPQRSTUVWXYZ123456789 00010000001
705EMAGIA*PMT*INV#6042490598*USD283.5*00002*FP*ABCDEFGHIJKLMNOPQRSTUVWXYZ123456789 00020000001
705EMAGIA*PMT*INV#6042490598*USD112.9*00003*FP*ABCDEFGHIJKLMNOPQRSTUVWXYZ123456789 00030000001
705EMAGIA*PMT*INV#6042490615*USD33.57*00004*FP*ABCDEFGHIJKLMNOPQRSTUVWXYZ123456789 00040000001
705EMAGIA*PMT*INV#6042490599*USD10*00005*FP*ABCDEFGHIJKLMNOPQRSTUVWXYZ123456789    00050000001
705EMAGIA*PMT*INV#6042490601*USD32.09*00006*FP*ABCDEFGHIJKLMNOPQRSTUVWXYZ123456789 00060000001
705EMAGIA*PMT*INV#6042490600*USD10*00007*FP*ABCDEFGHIJKLMNOPQRSTUVWXYZ123456789    00070000001
705EMAGIA*PMT*INV#6042490699*USD91.79*00008*FP*ABCDEFGHIJKLMNOPQRSTUVWXYZ123456789 00080000001
705EMAGIA*PMT*INV#6042490602*USD20.12*00009*FP*ABCDEFGHIJKLMNOPQRSTUVWXYZ123456789 00090000001
705EMAGIA*PMT*INV#6042490573*USD33.57*00010*FP*ABCDEFGHIJKLMNOPQRSTUVWXYZ123456789 00100000001
6241210002401234567890       0000009578AT39537        METHODIST PHYSICIANS C001091000010000002
705EMAGIA*PMT*INV#6042490591*USD65.66*00001*FP*ABCDEFGHIJKLMNOPQRSTUVWXYZ123456789 00010000002
705EMAGIA*PMT*INV#6042490593*USD20.12*00002*FP*ABCDEFGHIJKLMNOPQRSTUVWXYZ123456789 00020000002
705EMAGIA*PMT*INV#6042490592*USD10*00003*FP*ABCDEFGHIJKLMNOPQRSTUVWXYZ123456789    00030000002
6241210003500987654321       0000002000AT39537        METHODIST PHYSICIANS C001091000010000003
705EMAGIA*PMT*INV#6042490618*USD20*00001*FP*ABCDEFGHIJKLMNOPQRSTUVWXYZ123456789    00010000003
6241210002401234567890       0000002000AT39537        METHODIST PHYSICIANS C001091000010000004
705EMAGIA*PMT*INV#6042490618*USD20*00001*FP*ABCDEFGHIJKLMNOPQRSTUVWXYZ123456789    00010000004
6241210002401234567890       0000009578AT39537        METHODIST PHYSICIANS C001091000010000005
705EMAGIA*PMT*INV#6042490591*USD65.66*00001*FP*ABCDEFGHIJKLMNOPQRSTUVWXYZ123456789 00010000005
705EMAGIA*PMT*INV#6042490593*USD20.12*00002*FP*ABCDEFGHIJKLMNOPQRSTUVWXYZ123456789 00020000005
705EMAGIA*PMT*INV#6042490592*USD10*00003*FP*ABCDEFGHIJKLMNOPQRSTUVWXYZ123456789    00030000005
6241210002401234567890       0000002012AT39537        METHODIST PHYSICIANS C001091000010000006
705EMAGIA*PMT*INV#6042490593*USD20.12*00001*FP*ABCDEFGHIJKLMNOPQRSTUVWXYZ123456789 00010000006
6241210002401234567890       0000001000AT39537        METHODIST PHYSICIANS C001091000010000007
705EMAGIA*PMT*INV#6042490592*USD10*00001*FP*ABCDEFGHIJKLMNOPQRSTUVWXYZ123456789    00010000007
6241210003503344556677       0000002000AT39537        METHODIST PHYSICIANS C001091000010000008
705EMAGIA*PMT*INV#6042490618*USD20*00001*FP*ABCDEFGHIJKLMNOPQRSTUVWXYZ123456789    00010000008
6241210002401234567890       0000002825AT39537        METHODIST PHYSICIANS C001091000010000009
705EMAGIA*PMT*INV#6042490567*USD28.25*00001*FP*ABCDEFGHIJKLMNOPQRSTUVWXYZ123456789 00010000009
6241210003503344556677       0000003357AT39537        METHODIST PHYSICIANS C001091000010000010
705EMAGIA*PMT*INV#6042490569*USD33.57*00001*FP*ABCDEFGHIJKLMNOPQRSTUVWXYZ123456789 00010000010
6241210002401234567890       0000007566AT39537        METHODIST PHYSICIANS C001091000010000011
705EMAGIA*PMT*INV#6042490592*USD10*00001*FP*ABCDEFGHIJKLMNOPQRSTUVWXYZ123456789    00010000011
705EMAGIA*PMT*INV#6042490591*USD65.66*00002*FP*ABCDEFGHIJKLMNOPQRSTUVWXYZ123456789 00020000011
6241210002401234567890       0000003012AT39537        METHODIST PHYSICIANS C001091000010000012
705EMAGIA*PMT*INV#6042490593*USD20.12*00001*FP*ABCDEFGHIJKLMNOPQRSTUVWXYZ123456789 00010000012
705EMAGIA*PMT*INV#6042490592*USD10*00002*FP*ABCDEFGHIJKLMNOPQRSTUVWXYZ123456789    00020000012
6241210002401234567890       0000003012AT39537        METHODIST PHYSICIANS C001091000010000013
705EMAGIA*PMT*INV#6042490593*USD20.12*00001*FP*ABCDEFGHIJKLMNOPQRSTUVWXYZ123456789 00010000013
705EMAGIA*PMT*INV#6042490592*USD10*00002*FP*ABCDEFGHIJKLMNOPQRSTUVWXYZ123456789    00020000013
6241210002401234567890       0000003012AT39537        METHODIST PHYSICIANS C001091000010000014
705EMAGIA*PMT*INV#6042490593*USD20.12*00001*FP*ABCDEFGHIJKLMNOPQRSTUVWXYZ123456789 00010000014
705EMAGIA*PMT*INV#6042490592*USD10*00002*FP*ABCDEFGHIJKLMNOPQRSTUVWXYZ123456789    00020000014
6241210002401234567890       0000003012AT39537        METHODIST PHYSICIANS C001091000010000015
705EMAGIA*PMT*INV#6042490593*USD20.12*00001*FP*ABCDEFGHIJKLMNOPQRSTUVWXYZ123456789 00010000015
705EMAGIA*PMT*INV#6042490592*USD10*00002*FP*ABCDEFGHIJKLMNOPQRSTUVWXYZ123456789    00020000015
6241210002401234567890       0000001000AT39537        METHODIST PHYSICIANS C001091000010000016
705EMAGIA*PMT*INV#6042490592*USD10*00001*FP*ABCDEFGHIJKLMNOPQRSTUVWXYZ123456789    00010000016
6241210002401234567890       0000003012AT39537        METHODIST PHYSICIANS C001091000010000017
705EMAGIA*PMT*INV#6042490593*USD20.12*00001*FP*ABCDEFGHIJKLMNOPQRSTUVWXYZ123456789 00010000017
705EMAGIA*PMT*INV#6042490592*USD10*00002*FP*ABCDEFGHIJKLMNOPQRSTUVWXYZ123456789    00020000017
6241210002401234567890       0000009578AT39537        METHODIST PHYSICIANS C001091000010000018
705EMAGIA*PMT*INV#6042490592*USD10*00001*FP*ABCDEFGHIJKLMNOPQRSTUVWXYZ123456789    00010000018
705EMAGIA*PMT*INV#6042490593*USD20.12*00002*FP*ABCDEFGHIJKLMNOPQRSTUVWXYZ123456789 00020000018
705EMAGIA*PMT*INV#6042490591*USD65.66*00003*FP*ABCDEFGHIJKLMNOPQRSTUVWXYZ123456789 00030000018
82250000570435600930000000137943            2042896127                         091000010000001
9000001000007000000570435600930000000137943000000000000                                       