101 09100001920428961272309281530A094101WELLS FARGO            Staples & CommercialLLC        
5220STAPLES CONTRACT000000000000000000002042896127CTXEMAGIAPMT SEP 06230928            0000001
624121000351000123456789     0000002220CUSTID00123    0001RATNA PRASAD      001091000010000001
705EMAGIA*PMT*INV#0012345678*USD100.00*00001*FP*ABCDEFGHIJKLMNOPQRSTUVWXYZ12345678900010000001
822000000200026542280000000000000038273434002542049910                         091000010000001
9000001000001000000020002654228003827343400000000000000                                       